<record><leader>01801cam a2200385 i 4500</leader><controlfield tag="001">6759759</controlfield><controlfield tag="003">OCoLC</controlfield><controlfield tag="005">20141211134239.0</controlfield><controlfield tag="008">140530s2015    cau      b    001 0 eng c</controlfield><datafield ind1=" " ind2=" " tag="010"><subfield code="a">  2014021454</subfield></datafield><datafield ind1=" " ind2=" " tag="020"><subfield code="a">9780804789028 (cloth : alk. paper)</subfield></datafield><datafield ind1=" " ind2=" " tag="020"><subfield code="a">0804789029 (cloth : alk. paper)</subfield></datafield><datafield ind1=" " ind2=" " tag="020"><subfield code="a">9780804792769 (pbk. : alk. paper)</subfield></datafield><datafield ind1=" " ind2=" " tag="020"><subfield code="a">0804792763 (pbk. : alk. paper)</subfield></datafield><datafield ind1=" " ind2=" " tag="020"><subfield code="z">0804792806 (electronic)</subfield></datafield><datafield ind1=" " ind2=" " tag="035"><subfield code="a">ocn881406994</subfield></datafield><datafield ind1=" " ind2=" " tag="040"><subfield code="a">CSt/DLC</subfield><subfield code="b">eng</subfield><subfield code="e">rda</subfield><subfield code="c">STF</subfield><subfield code="d">DLC</subfield><subfield code="d">OCLCF</subfield><subfield code="d">YDXCP</subfield><subfield code="d">CDX</subfield><subfield code="d">LTSCA</subfield><subfield code="d">AEU</subfield></datafield><datafield ind1=" " ind2=" " tag="042"><subfield code="a">pcc</subfield></datafield><datafield ind1="0" ind2="0" tag="050"><subfield code="a">B2430.F724</subfield><subfield code="b">J67 2015</subfield></datafield><datafield ind1="0" ind2="0" tag="082"><subfield code="a">194</subfield><subfield code="2">23</subfield></datafield><datafield ind1=" " ind2=" " tag="090"><subfield code="a">B2430 .F724 J67 2015</subfield><subfield code="b">AEGMCT</subfield></datafield><datafield ind1="1" ind2=" " tag="100"><subfield code="a">Jordan, Mark D.,</subfield><subfield code="e">author.</subfield></datafield><datafield ind1="1" ind2="0" tag="245"><subfield code="a">Convulsing bodies :</subfield><subfield code="b">religion and resistance in Foucault /</subfield><subfield code="c">Mark D. Jordan.</subfield></datafield><datafield ind1=" " ind2="1" tag="264"><subfield code="a">Stanford, California :</subfield><subfield code="b">Stanford University Press,</subfield><subfield code="c">[2015]</subfield></datafield><datafield ind1=" " ind2=" " tag="300"><subfield code="a">259 pages ;</subfield><subfield code="c">24 cm</subfield></datafield><datafield ind1=" " ind2=" " tag="336"><subfield code="a">text</subfield><subfield code="2">rdacontent</subfield></datafield><datafield ind1=" " ind2=" " tag="337"><subfield code="a">unmediated</subfield><subfield code="2">rdamedia</subfield></datafield><datafield ind1=" " ind2=" " tag="338"><subfield code="a">volume</subfield><subfield code="2">rdacarrier</subfield></datafield><datafield ind1=" " ind2=" " tag="504"><subfield code="a">Includes bibliographical references (pages 229-238) and index.</subfield></datafield><datafield ind1="0" ind2=" " tag="505"><subfield code="a">Introduction : embodied reading or the masked philosopher -- Hunter of the sacred -- The dismembered assassin and the well scrubbed delinquents -- The buffoon-tyrant and the possessed nuns -- Chatting genitals -- The sobbing matron and the loquacious monk -- The artist of pleasures -- The violated mother and the naked philosopher -- Conclusion : Embodied writing or Among the mourners.</subfield></datafield><datafield ind1=" " ind2=" " tag="596"><subfield code="a">29</subfield></datafield><datafield ind1="1" ind2="0" tag="600"><subfield code="a">Foucault, Michel,</subfield><subfield code="d">1926-1984</subfield><subfield code="x">Religion.</subfield></datafield><datafield ind1=" " ind2="0" tag="650"><subfield code="a">Human body (Philosophy)</subfield></datafield><datafield ind1=" " ind2=" " tag="949"><subfield code="a">B2430 .F724 J67 2015</subfield><subfield code="h">GMCT-OS-B</subfield><subfield code="i">1007432394</subfield><subfield code="p">27.78</subfield><subfield code="k">AVAIL_SOON</subfield></datafield><datafield ind1=" " ind2=" " tag="926"><subfield code="a">B2430 .F724 J67 2015</subfield><subfield code="w">LC</subfield><subfield code="c">1</subfield><subfield code="i">1007432394</subfield><subfield code="d">9/30/2015</subfield><subfield code="e">8/4/2015</subfield><subfield code="l">ON_SHELF</subfield><subfield code="m">GR_MACEWAN</subfield><subfield code="n">5</subfield><subfield code="p">$26.46</subfield><subfield code="r">Y</subfield><subfield code="s">Y</subfield><subfield code="t">BOOK</subfield><subfield code="u">12/17/2014</subfield></datafield></record>